@article{temp,
    title     = {Testing Title},
    author    = {John Doe and Jane Doe},
    journal   = {Journal of Very Important Things},
    year      = {2023}, 
    pages     = {1--23},
    volume    = {1},
    number    = {1},
    doi       = {10.1007/s00158-020-02653-3},
}